% Encoding: UTF-8

@book {AM,
    AUTHOR = {Atiyah, M. F. and Macdonald, I. G.},
     TITLE = {Introduction to commutative algebra},
 PUBLISHER = {Addison-Wesley Publishing Co., Reading, Mass.-London-Don
              Mills, Ont.},
      YEAR = {1969},
     PAGES = {ix+128},
}

@book {Ha,
    AUTHOR = {Hartshorne, Robin},
     TITLE = {Algebraic geometry},
    SERIES = {Graduate Texts in Mathematics, No. 52},
 PUBLISHER = {Springer-Verlag, New York-Heidelberg},
      YEAR = {1977},
     PAGES = {xvi+496},
}

@book{Va,
     AUTHOR = {Vakil, Ravi},
     TITLE = {The Rising Sea: Foundations of Algebraic Geometry, July 31, 2023 version.},
     url = {https://math.stanford.edu/~vakil/216blog/FOAGjul3123public.pdf}
}
